@article{chen, 
	author = {陈难先}, 
	title = {黑体辐射定律轶闻遐思——从普朗克一百年前的一段话说起}, 
	journal = {物理}, 
	volume = {52}, 
	number = {283-289}, 
	year = {2023}, 
	issn = {0379-4148}, 
	doi ={} 
}

@article{zhang,
	 author = {张宇峰，邬玉玲，吴元庆，贾辉，刘文皓，戴景民}, 
	 title = {表面结构对面源黑体光谱发射率的影响}, 
	 journal = {光谱学与光谱分析}, 
	 volume = {43}, 
	 number = {389-393}, 
	 year = {2023}, 
	 issn = {1000-0593}, 
	 doi ={} 
}

@article{cao,
	author = {曹鼎汉},
	title = {斯特藩－玻尔兹曼辐射定律及其应用},
	journal = {红外技术},
	volume = {},
	number = {},
	year = {1994},
	issn = {10018891},
	doi ={}
}

@article{li,
	author = {李伟斌，熊永红},
	title = {热辐射基础实验},
	journal = {物理实验},
	volume = {},
	number = {9-12+17},
	year = {2003},
	issn = {1005-4642},
	doi ={}
}

@article{ma,
	author = {马洪良，王春涛，张义邴，韩咏梅，易传详},
	title = {热辐射实验演示仪及热辐射规律探究},
	journal = {物理实验},
	volume = {34},
	number = {43-44+48},
	year = {2014},
	issn = {1005-4642},
	doi ={}
}

@article{zhang2,
	author = {张敏,韩芳,康键,孙浩,郭亮，李春领},
	title = {红外热成像技术在民用领域的应用},
	journal = {红外},
	volume = {40},
	number = {35-43},
	year = {2019},
	issn = {1672-8785},
	doi ={}
}

@article{cai,
	author = {蔡毅，潘顺臣},
	title = {红外技术在未来军事技术中的地位和作用},
	journal = {红外技术},
	volume = {},
	number = {1-7},
	year = {1999},
	issn = {1001-8891},
	doi ={}
}

@article{deng,
	author = {邓泽微，熊永红，邱自成，杨珊，李建国},
	title = {热辐射扫描成像系统的实验研究},
	journal = {大学物理实验},
	volume = {},
	number = {1-4},
	year = {2005},
	issn = {1007-2934},
	doi ={}
}

@article{cao2,
	author = {曹鼎汉},
	title = {维恩位移定律及其应用},
	journal = {红外技术},
	volume = {},
	number = {},
	year = {1994},
	issn = {10018891},
	doi ={}
}

