@misc{wiki1,
   author = {wikipedia},
   title = {Metamaterial},
   url = {https://en.wikipedia.org/wiki/Metamaterial},
   year = {2021},
   type = {Web Page}
}

@article{RN7,
   author = {Veselago, Victor Georgievich},
   title = {The Electrodynamics of Substances with Simultaneously Negative Values of Img Align= Absmiddle Alt= ϵ Eps/Img and μ},
   journal = {Physics-Uspekhi},
   volume = {10},
   number = {4},
   pages = {509-514},
   ISSN = {1063-7869},
   year = {1968},
   type = {Journal Article}
}

@article{RN13,
   author = {Mason, Philip E and Schewe, H Christian and Buttersack, Tillmann and Kostal, Vojtech and Vitek, Marco and McMullen, Ryan S and Ali, Hebatallah and Trinter, Florian and Lee, Chin and Neumark, Daniel M},
   title = {Spectroscopic evidence for a gold-coloured metallic water solution},
   journal = {Nature},
   volume = {595},
   number = {7869},
   pages = {673-676},
   ISSN = {1476-4687},
   year = {2021},
   type = {Journal Article}
}

@article{RN12,
   author = {秦国彤 and 门薇薇 and 魏微 and 李大鹏},
   title = {气凝胶研究进展},
   journal = {材料科学与工程学报},
   number = {02},
   pages = {293-296},
   abstract = {综述了多功能纳米材料 -气凝胶的发展概况。根据气凝胶纳米结构的形成过程 ,介绍了溶胶 -凝胶过程原理和气凝胶微结构的控制。结合气凝胶独特的性质介绍了其在光学、高能物理、军事、航空航天、电化学等领域的应用。},
   keywords = {气凝胶,纳米结构,制备技术,应用},
   ISSN = {1004-793X},
   year = {2005},
   type = {Journal Article}
}

@misc{wiki2,
   author = {wikipedia},
   title = {self-healing material},
   url = {https://en.wikipedia.org/wiki/Self-healing_material},
   year = {2021},
   type = {web page}
}

@article{RN9,
   author = {Saxena, Sumit and Chaudhary, Raghvendra Pratap and Shukla, Shobha},
   title = {Stanene: atomically thick free-standing layer of 2D hexagonal tin},
   journal = {Scientific reports},
   volume = {6},
   number = {1},
   pages = {1-4},
   ISSN = {2045-2322},
   year = {2016},
   type = {Journal Article}
}

@misc{wiki3,
   author = {wikipedia},
   title = {Stanene},
   publisher = {wikipedia},
   url = {https://en.wikipedia.org/wiki/Stanene},
   year = {2021},
   type = {Web Page}
}

@article{RN2,
   author = {丁昌林 and 董仪宝 and 赵晓鹏},
   title = {声学超材料与超表面研究进展},
   journal = {物理学报},
   volume = {67},
   number = {19},
   pages = {194301},
   abstract = {声学超材料是一种人工设计结构的材料，具有超越自然界材料行为的特性，如负折射、反常多普勒效应、平面聚焦等.本文主要介绍了声学超材料近二十年来的相关研究进展，重点论述了超原子声学超材料、超分子声学超材料、超原子簇和超分子簇声学超材料.最后简要介绍了近五年来声学超表面的研究概况和发展趋势.},
   DOI = {10.7498/aps.67.20180963},
   url = {http://wulixb.iphy.ac.cn/cn/article/id/72878},
   year = {2018},
   type = {Journal Article}
}

@article{lens,
Author = {Pendry, J.B.},
ISSN = {00319007},
Journal = {Physical Review Letters},
Number = {18},
Pages = {3966-3969},
Title = {Negative refraction makes a perfect lens.},
Volume = {85},
URL = {https://search.ebscohost.com/login.aspx?direct=true&db=edselc&AN=edselc.2-52.0-0034296247&lang=zh-cn&site=eds-live},
Year = {2000},
}

@article{RN19,
   author = {Pendry, John B and Holden, Anthony J and Robbins, David J and Stewart, WJ},
   title = {Magnetism from conductors and enhanced nonlinear phenomena},
   journal = {IEEE transactions on microwave theory and techniques},
   volume = {47},
   number = {11},
   pages = {2075-2084},
   ISSN = {0018-9480},
   year = {1999},
   type = {Journal Article}
}

@article{RN21,
   author = {Pendry, John B and Holden, AJ and Stewart, WJ and Youngs, I},
   title = {Extremely low frequency plasmons in metallic mesostructures},
   journal = {Physical review letters},
   volume = {76},
   number = {25},
   pages = {4773},
   year = {1996},
   type = {Journal Article}
}

@article{RN22,
   author = {Pendry, John B and Holden, AJ and Robbins, DJ and Stewart, WJ},
   title = {Low frequency plasmons in thin-wire structures},
   journal = {Journal of Physics: Condensed Matter},
   volume = {10},
   number = {22},
   pages = {4785},
   ISSN = {0953-8984},
   year = {1998},
   type = {Journal Article}
}

@article{RN24,
   author = {Shelby, Richard A and Smith, DR and Nemat-Nasser, SC and Schultz, Sheldon},
   title = {Microwave transmission through a two-dimensional, isotropic, left-handed metamaterial},
   journal = {Applied Physics Letters},
   volume = {78},
   number = {4},
   pages = {489-491},
   ISSN = {0003-6951},
   year = {2001},
   type = {Journal Article}
}

@book{feyman,
  author = {Richard Feyman}, 
  title = {The Feyman lectures on physics},
  publisher = {Prentice Hall,Inc.,世界图书出版公司北京公司},
  year = 2004,
  volume = 2,
  address = {31-8},
  edition = 2,
  isbn = {0-201-51003-0}
}

@article{RN25,
   author = {魏昕宇},
   title = {超材料:超越自然的极限},
   journal = {科学世界},
   number = {06},
   pages = {106-111},
   abstract = {<正>让光的折射率为负数的介质、像纸一样轻薄的透镜、能让光绕过去的隐身术……这些看似只存在于科幻作品中的概念,却已经真真切切地被科学家创造出来。而让这些奇异功能成为现实的,是一类颇受关注的新材料—超材料。我们在日常生活中要和各种材料打交道,比如金属材料、陶瓷材料、高分子材料、木质材料、复合材料等。但如果说到超材料(metamaterials),恐怕大家会一头雾水吧?},
   keywords = {开口谐振环
电路板
隐身斗篷
完美透镜
电容率
电磁波
外加磁场
隐失波
磁导率
折射现象
直线传播
折射角},
   ISSN = {1003-1162},
   year = {2019},
   type = {Journal Article}
}

@article{RN20,
   author = {Pendry, John B and Schurig, David and Smith, David R},
   title = {Controlling electromagnetic fields},
   journal = {science},
   volume = {312},
   number = {5781},
   pages = {1780-1782},
   ISSN = {0036-8075},
   year = {2006},
   type = {Journal Article}
}

@article{RN14,
   author = {Zhai, Yao and Ma, Yaoguang and David, Sabrina N and Zhao, Dongliang and Lou, Runnan and Tan, Gang and Yang, Ronggui and Yin, Xiaobo},
   title = {Scalable-manufactured randomized glass-polymer hybrid metamaterial for daytime radiative cooling},
   journal = {Science},
   volume = {355},
   number = {6329},
   pages = {1062-1066},
   ISSN = {0036-8075},
   year = {2017},
   type = {Journal Article}
}



