@article{montgomery2009michell,
  title={Michell, Laplace and the origin of the black hole concept},
  author={Montgomery, Colin and Orchiston, Wayne and Whittingham, Ian},
  journal={Journal of Astronomical History and Heritage},
  volume={12},
  pages={90--96},
  year={2009},
  publisher={Centre for Astronomy, James Cook University}
}
@article{1784michell,
  title={
    On the means of discovering the distance,
    magnitude, \&c. of the fixed stars, in consequence
    of the diminution of the velocity of their light, in case
    such a diminution should be found to take place in any
    of them, and such other data should be procured from
    observations, as would be farther necessary for that purpose.
  },
  author={Michell},
  journal={Philosophical Transactions of the Royal Society},
  volume={74},
  pages={35--57},
  year={1784},
}
@book{feynman2011feynman,
  title={The Feynman lectures on physics, Vol. I: The new millennium edition: mainly mechanics, radiation, and heat},
  author={Feynman, Richard P and Leighton, Robert B and Sands, Matthew},
  volume={1},
  year={2011},
  publisher={Basic books}
}
@article{Schwarzschild.K,
  title={Über das Gravitationsfeld eines Massenpunktes nach der Einsteinschen Theorie},
  author={Schwarzschild.K},
  journal={Sitzungsberichte der Königlich Preussischen Akademie der Wissenschaften},
  volume={7},
  pages={189--196},
  year={1916(\href{https://arxiv.org/abs/p hysics/9905030}{Translation})},
}
@article{EA,
  author          = {Eddington, Arthur },
  journal         = {Science},
  pages          = {233-240},
  title           = {The Internal Constitution of the Stars },
  volume          = {52},
  year            = {1926},
  publisher= { Cambridge University Press.}
}
@article{RP,
  author          = {Rogen Penrose},
  journal         = { Physical Review Letters},
  pages          = {57},
  title           = {Gravitational Collapse and Space-Time Singularities},
  volume          = {14},
  year            = {1965}
}
@book{Griffiths,
  title={Introduction to Quantum Mechanics,3rd},
  author={David J.Griffiths, Darrell F.Schroeter},
  year={2020},
  publisher={Combridge},
  pages={217-220},
  isbn={978-7-111-65751-4}
}
@book{chan,
  title={Chandrasekhar and his limit},
  author={Venkataraman, G.},
  year={1992},
  publisher={Universities Press}
}
@article{chan2,
  author          = {Detweiler, S},
  journal         = { American Journal of Physics},
  pages          = {394-400},
  title           = {Resource letter BH-1: Black holes},
  volume          = {49},
  year            = {1981}
}
@article{TOV,
  title={On massive neutron cores},
  author={Oppenheimer, J Robert and Volkoff, George M},
  journal={Physical Review},
  volume={55},
  number={4},
  pages={374},
  year={1939},
  publisher={APS}
}
@article{TOV2,
  title={The maximum mass of a neutron star},
  author={Kalogera, Vassiliki and Baym, Gordon},
  journal={The Astrophysical Journal},
  volume={470},
  number={1},
  pages={L61},
  year={1996},
  publisher={IOP Publishing}
}
@article{shibata2017modeling,
  title={Modeling GW170817 based on numerical relativity and its implications},
  author={Shibata, Masaru and Fujibayashi, Sho and Hotokezaka, Kenta and Kiuchi, Kenta and Kyutoku, Koutarou and Sekiguchi, Yuichiro and Tanaka, Masaomi},
  journal={Physical Review D},
  volume={96},
  number={12},
  pages={123012},
  year={2017},
  publisher={APS}
}
@article{finkelstein1958past,
  title={Past-future asymmetry of the gravitational field of a point particle},
  author={Finkelstein, David},
  journal={Physical Review},
  volume={110},
  number={4},
  pages={965},
  year={1958},
  publisher={APS}
}
@incollection{hewish201374,
  title={74. Observation of a Rapidly Pulsating Radio Source},
  author={Hewish, Antony and Bell, S Joceyln and Pilkington, John DH and Scott, Paul Frederick and Collins, Robin Ashley},
  booktitle={A Source Book in Astronomy and Astrophysics, 1900--1975},
  pages={498--504},
  year={2013},
  publisher={Harvard University Press}
}
@incollection{pilkington1968observations,
  title={Observations of some further pulsed radio sources},
  author={Pilkington, JDH and Hewish, A and Bell, SJ and Cole, TW},
  booktitle={Pulsating Stars},
  pages={9--12},
  year={1968},
  publisher={Springer}
}
@article{newman1965metric,
  title={Metric of a rotating, charged mass},
  author={Newman, Ezra T and Couch, E and Chinnapared, K and Exton, A and Prakash, A and Torrence, R},
  journal={Journal of mathematical physics},
  volume={6},
  number={6},
  pages={918--919},
  year={1965},
  publisher={American Institute of Physics}
}
@article{chrusciel2012stationary,
  title={Stationary black holes: uniqueness and beyond},
  author={Chru{\'s}ciel, Piotr T and Costa, Jo{\~a}o Lopes and Heusler, Markus},
  journal={Living Reviews in Relativity},
  volume={15},
  number={1},
  pages={1--73},
  year={2012},
  publisher={Springer}
}
@article{bardeen1973four,
  title={The four laws of black hole mechanics},
  author={Bardeen, James M and Carter, Brandon and Hawking, Stephen W},
  journal={Communications in mathematical physics},
  volume={31},
  number={2},
  pages={161--170},
  year={1973},
  publisher={Springer}
}
@article{hawking1974black,
  title={Black hole explosions?},
  author={Hawking, Stephen W},
  journal={Nature},
  volume={248},
  number={5443},
  pages={30--31},
  year={1974},
  publisher={Nature Publishing Group}
}
@article{siegfried201950,
  title={50 years later, it’s hard to say who named balck holes},
  author={Siegfried, Tom},
  journal={Science News},
  volume={23},
  year={2019}
}
@article{page1974disk,
  title={Disk-accretion onto a black hole. Time-averaged structure of accretion disk},
  author={Page, Don N and Thorne, Kip S},
  journal={The Astrophysical Journal},
  volume={191},
  pages={499--506},
  year={1974}
}
@book{bl,
  author         = {[日]加藤正二，[日]福江纯，[日]岭重慎},
  publisher      = {科学出版社},
  title          = {黑洞吸积盘},
  year           = {2016}
}
@article{fukue1988color,
  title={Color photographs of an accretion disk around a black hole},
  author={Fukue, Jun and Yokoyama, Takushi},
  journal={Publications of the Astronomical Society of Japan},
  volume={40},
  pages={15--24},
  year={1988}
}
@article{Muller_2012,
doi = {10.1088/0143-0807/33/4/955},
url = {https://dx.doi.org/10.1088/0143-0807/33/4/955},
year = {2012},
month = {may},
publisher = {IOP Publishing},
volume = {33},
number = {4},
pages = {955},
author = {Thomas Müller and Jörg Frauendiener},
title = {Interactive visualization of a thin disc around a Schwarzschild black hole},
journal = {European Journal of Physics},
abstract = {In a first course in general relativity, the Schwarzschild spacetime is the most discussed analytic solution to Einstein's field equations. Unfortunately, there is rarely enough time to study the optical consequences of the bending of light for some advanced examples. In this paper, we present how the visual appearance of a thin disc around a Schwarzschild black hole can be determined interactively by means of an analytic solution to the geodesic equation processed on current high-performance graphical processing units. This approach can, in principle, be customized for any other thin disc in a spacetime with geodesics given in closed form. The interactive visualization discussed here can be used either in a first course in general relativity for demonstration purposes only or as a thesis for an enthusiastic student in an advanced course with some basic knowledge of OpenGL and a programming language.}
}
@article{florides2002einstein,
  title={Einstein's equivalence principle and the gravitational red shift},
  author={Florides, Petros S},
  journal={International Journal of Modern Physics A},
  volume={17},
  number={20},
  pages={2759--2759},
  year={2002},
  publisher={World Scientific}
}
@article{valente2018einstein,
  title={Einstein's redshift derivations: its history from 1907 to 1921},
  author={Valente, Mario Bacelar},
  journal={Circumscribere},
  volume={22},
  pages={1--16},
  year={2018}
}
@article{pound1959gravitational,
  title={Gravitational red-shift in nuclear resonance},
  author={Pound, Robert V and Rebka Jr, Glen A},
  journal={Physical Review Letters},
  volume={3},
  number={9},
  pages={439},
  year={1959},
  publisher={APS}
}
@article{chang2020black,
  title={Black hole shadow in the view of freely falling observers},
  author={Chang, Zhe and Zhu, Qing-Hua},
  journal={Journal of Cosmology and Astroparticle Physics},
  volume={2020},
  number={06},
  pages={055},
  year={2020},
  publisher={IOP Publishing}
}
@article{abramowicz1990centrifugal,
  title={Centrifugal force reversal near a Schwarzschild black-hole},
  author={Abramowicz, Marek A and Prasanna, AR},
  journal={Monthly Notices of the Royal Astronomical Society},
  volume={245},
  pages={720},
  year={1990}
}
@article{thirring1918effect,
  title={On the effect of rotating distant masses in Einstein’s theory of gravitation},
  author={Thirring, Hans},
  journal={Phys. Z},
  volume={19},
  pages={33},
  year={1918}
}
@book{time,
  author         = {Stephen Hawking},
  publisher      = {	Bantam Dell Publishing Group},
  title          = {A Brief History of Time: From the Big Bang to Black Holes},
  year           = {1988},
  isbn           = {	978-0-553-10953-5}
}
@incollection{hooft2001holographic,
  title={The holographic principle},
  author={Hooft, Gerard't},
  booktitle={Basics and Highlights in Fundamental Physics},
  pages={72--100},
  year={2001},
  publisher={World Scientific}
}
@article{almheiri2013black,
  title={Black holes: complementarity or firewalls?},
  author={Almheiri, Ahmed and Marolf, Donald and Polchinski, Joseph and Sully, James},
  journal={Journal of High Energy Physics},
  volume={2013},
  number={2},
  pages={1--20},
  year={2013},
  publisher={Springer}
}
@article{terrell1959invisibility,
  title={Invisibility of the Lorentz contraction},
  author={Terrell, James},
  journal={Physical Review},
  volume={116},
  number={4},
  pages={1041},
  year={1959},
  publisher={APS}
}
@book{Marcia,
  author         = {[美]玛西亚·芭楚莎},
  publisher      = {湖南科学技术出版社},
  title          = {黑洞简史：从史瓦西奇点到引力波，霍金痴迷、爱因斯坦拒绝、牛顿错过的伟大发现},
  year           = {2016}
}
@book{huanqiu,
  author         = {《环球科学》},
  publisher      = {《环球科学》杂志社},
  title          = {环球科学：黑洞特刊},
  year           = {2016}
}