@mastersthesis{QIT1,
	author = {吴浩煜},
	title = {囚禁离子非线性动力学的实验研究},
	school = {中国科学院研究生院（武汉物理与数学研究所）},
	year = {2014}
}


@article{QIT2,
	author = {楚士颖,谢洁,江游,王方军,翟睿,冯璐璐...  &amp; 黄泽建},
	title = {四极离子阱阱内离子解离技术的研究进展},
	journal = {质谱学报},
	volume = {40},
	number = {391-400},
	year = {2019},
	issn = {1004-2997},
	doi ={}
}


@article{main,
	author = {冯禹,习爽,何雨华,倪晨,顾牡 &amp; 赵敏},
	title = {利用保罗机械阱探究囚禁粒子的动力学特性},
	journal = {物理实验},
	volume = {36},
	number = {1-6},
	year = {2016},
	issn = {1005-4642},
	doi ={}
}


@article{luo,
	author = {罗学立，朱熙文},
	title = {离子囚禁技术与量子计量基准的新进展},
	journal = {物理},
	volume = {},
	number = {},
	year = {1996},
	issn = {03794148},
	doi ={}
}


@article{paul,
	title = {Electromagnetic traps for charged and neutral particles},
	author = {Paul, Wolfgang},
	journal = {Rev. Mod. Phys.},
	volume = {62},
	issue = {3},
	pages = {531--540},
	numpages = {0},
	year = {1990},
	month = {Jul},
	publisher = {American Physical Society},
	doi = {10.1103/RevModPhys.62.531},
	url = {https://link.aps.org/doi/10.1103/RevModPhys.62.531}
}


@article{Has,
	title = {Rotating-radio-frequency ion traps},
	author = {Hasegawa, T. and Bollinger, J. J.},
	journal = {Phys. Rev. A},
	volume = {72},
	issue = {4},
	pages = {043403},
	numpages = {8},
	year = {2005},
	month = {Oct},
	publisher = {American Physical Society},
	doi = {10.1103/PhysRevA.72.043403},
	url = {https://link.aps.org/doi/10.1103/PhysRevA.72.043403}
}

@article{PhysRevA.62.042305,
	title = {Speed of ion-trap quantum-information processors},
	author = {Steane, A. and Roos, C. F. and Stevens, D. and Mundt, A. and Leibfried, D. and Schmidt-Kaler, F. and Blatt, R.},
	journal = {Phys. Rev. A},
	volume = {62},
	issue = {4},
	pages = {042305},
	numpages = {9},
	year = {2000},
	month = {Sep},
	publisher = {American Physical Society},
	doi = {10.1103/PhysRevA.62.042305},
	url = {https://link.aps.org/doi/10.1103/PhysRevA.62.042305}
}
@article{PhysRevLett.74.4083,
	title = {Conditional Quantum Dynamics and Logic Gates},
	author = {Barenco, Adriano and Deutsch, David and Ekert, Artur and Jozsa, Richard},
	journal = {Phys. Rev. Lett.},
	volume = {74},
	issue = {20},
	pages = {4083--4086},
	numpages = {0},
	year = {1995},
	month = {May},
	publisher = {American Physical Society},
	doi = {10.1103/PhysRevLett.74.4083},
	url = {https://link.aps.org/doi/10.1103/PhysRevLett.74.4083}
}
@article{PhysRevA.71.032504,
	title = {Experimental and theoretical study of the $3d\phantom{\rule{0.3em}{0ex}}^{2}D$--level lifetimes of $^{40}\mathrm{Ca}^{+}$},
	author = {Kreuter, A. and Becher, C. and Lancaster, G. P. T. and Mundt, A. B. and Russo, C. and H\"affner, H. and Roos, C. and H\"ansel, W. and Schmidt-Kaler, F. and Blatt, R. and Safronova, M. S.},
	journal = {Phys. Rev. A},
	volume = {71},
	issue = {3},
	pages = {032504},
	numpages = {12},
	year = {2005},
	month = {Mar},
	publisher = {American Physical Society},
	doi = {10.1103/PhysRevA.71.032504},
	url = {https://link.aps.org/doi/10.1103/PhysRevA.71.032504}
}
